<?xml version="1.0" encoding="UTF-8"?><collection xmlns="http://www.loc.gov/MARC21/slim"><record><leader>00409nam--2200133-i-4500</leader><controlfield tag="001">000006318</controlfield><controlfield tag="002">20161230</controlfield><controlfield tag="005">20161230201026</controlfield><controlfield tag="008">060222s1000------------r-----000-0-eng-d</controlfield><datafield ind1=" " ind2=" " tag="100"><subfield code="a">Allsworth F. L., Salmon P.G</subfield></datafield><datafield ind1=" " ind2=" " tag="245"><subfield code="a">Silicon surface-barrier radiation detector some designs and applications</subfield></datafield><datafield ind1=" " ind2=" " tag="260"><subfield code="a">Harwell, Atomic Energy Research  Esstabl.,1963 17p. + 12 Fig</subfield></datafield><datafield ind1=" " ind2=" " tag="490"><subfield code="a">Aere-r 4122</subfield></datafield><datafield ind1=" " ind2=" " tag="852"><subfield code="a">18818</subfield></datafield></record></collection>